@article{Kane_1960,
  doi = {10.1016/0022-3697(60)90035-4},
  url = {http://dx.doi.org/10.1016/0022-3697(60)90035-4},
  year = {1960},
  month = {jan},
  publisher = {Elsevier {BV}},
  volume = {12},
  number = {2},
  pages = {181--188},
  author = {E.O. Kane},
  title = {{Zener tunneling in semiconductors}},
  journal = {Journal of Physics and Chemistry of Solids},
}
